% Encoding: UTF-8
%% This BibTeX bibliography file was created using BibDesk.
%% https://bibdesk.sourceforge.io/

%% Created for Huteng Dai at 2019-08-31 22:32:01 -0400 


%% Saved with string encoding Unicode (UTF-8) 

@article{albright2009feature,
	title={Feature-based generalisation as a source of gradient acceptability},
	author={Albright, Adam},
	journal={Phonology},
	volume={26},
	number={1},
	pages={9--41},
	year={2009},
	publisher={Cambridge University Press}
}

 
@phdthesis{applegate1972ineseno,
	title={Inese{\~n}o Chumash grammar},
	author={Applegate, Richard},
	year={1972},
	school= {University of California, Berkeley}
}

@phdthesis{fountain1998optimality,
	title={An Optimality Theoretic approach to Navajo prefixal syllables},
	author={Fountain, Amy Velita},
	year={1998},
	school= {University of Arizona}
}

@book{sapir1967,
	author= {Sapir, Edward and Harry Hojier}, 
	title     = {The Phonology and Morphology of the
	Navaho Language},
	publisher = {University of California Publications},
	year      = 1967,
	volume    = 50
}

@book{hansson2010consonant,
	title={Consonant harmony: Long-distance interactions in phonology},
	author={Hansson, Gunnar {\'O}lafur},
	volume={145},
	year={2010},
	publisher={Univ of California Press}
}
@inproceedings{mcdonough1991representation,
	title={On the representation of consonant harmony in Navajo},
	author={McDonough, Joyce},
	booktitle={West Coast Conference on Formal Linguistics},
	volume={10},
	pages={319},
	year={1991}
}

@inproceedings{fu2011algebraic,
	title={An algebraic characterization of strictly piecewise languages},
	author={Fu, Jie and Heinz, Jeffrey and Tanner, Herbert G},
	booktitle={International Conference on Theory and Applications of Models of Computation},
	pages={252--263},
	year={2011},
	organization={Springer}
}
@article{heinz2018computational,
	Author = {Heinz, Jeffrey},
	Date-Added = {2019-08-31 22:32:00 -0400},
	Date-Modified = {2019-08-31 22:32:00 -0400},
	Journal = {Phonological Typology, Phonetics and Phonology},
	Pages = {126--195},
	Title = {The computational nature of phonological generalizations},
	Year = {2018}}

@unpublished{wilson2009simplifying,
	Author = {Wilson, Colin and Obdeyn, Marieke},
	Date-Added = {2019-08-31 21:09:13 -0400},
	Date-Modified = {2019-08-31 21:09:40 -0400},
	Note = {ms. Johns Hopkins University},
	Title = {Simplifying subsidiary theory: statistical evidence from Arabic, Muna, Shona, and Wargamay},
	Year = {2009}}

@inproceedings{klein2003fast,
	Author = {Klein, Dan and Manning, Christopher D},
	Booktitle = {Advances in neural information processing systems},
	Date-Added = {2019-08-31 14:19:55 -0400},
	Date-Modified = {2019-08-31 14:19:55 -0400},
	Pages = {3--10},
	Title = {Fast exact inference with a factored model for natural language parsing},
	Year = {2003}}

@inproceedings{koehn2007factored,
	Author = {Koehn, Philipp and Hoang, Hieu},
	Booktitle = {Proceedings of the 2007 joint conference on empirical methods in natural language processing and computational natural language learning (EMNLP-CoNLL)},
	Date-Added = {2019-08-31 14:14:58 -0400},
	Date-Modified = {2019-08-31 14:14:58 -0400},
	Pages = {868--876},
	Title = {Factored translation models},
	Year = {2007}}

@book{mohri2018foundations,
	Author = {Mohri, Mehryar and Rostamizadeh, Afshin and Talwalkar, Ameet},
	Date-Added = {2019-08-26 16:27:08 -0400},
	Date-Modified = {2019-08-26 16:27:08 -0400},
	Publisher = {MIT press},
	Title = {Foundations of machine learning},
	Year = {2018}}
	
@inproceedings{andrew2007scalable,
  title={Scalable training of L 1-regularized log-linear models},
  author={Andrew, Galen and Gao, Jianfeng},
  booktitle={Proceedings of the 24th international conference on Machine learning},
  pages={33--40},
  year={2007},
  organization={ACM}
}
@inproceedings{heinz2011tier,
	Author = {Heinz, Jeffrey and Rawal, Chetan and Tanner, Herbert G},
	Booktitle = {Proceedings of the 49th Annual Meeting of the Association for Computational Linguistics: Human Language Technologies: short papers-Volume 2},
	Date-Added = {2019-08-25 11:17:51 -0400},
	Date-Modified = {2019-08-25 11:17:51 -0400},
	Organization = {Association for Computational Linguistics},
	Pages = {58--64},
	Title = {Tier-based strictly local constraints for phonology},
	Year = {2011}}

@incollection{rogers2009languages,
	Author = {Rogers, James and Heinz, Jeffrey and Bailey, Gil and Edlefsen, Matt and Visscher, Molly and Wellcome, David and Wibel, Sean},
	Booktitle = {The mathematics of language},
	Date-Added = {2019-08-25 11:14:34 -0400},
	Date-Modified = {2019-08-25 11:14:34 -0400},
	Pages = {255--265},
	Publisher = {Springer},
	Title = {On languages piecewise testable in the strict sense},
	Year = {2009}}

@phdthesis{gorman2013generative,
  title={Generative phonotactics},
  author={Gorman, Kyle},
  year={2013},
  school={University of Pennsylvania}
}

@inproceedings{rogers2013cognitive,
  title={Cognitive and sub-regular complexity},
  author={Rogers, James and Heinz, Jeffrey and Fero, Margaret and Hurst, Jeremy and Lambert, Dakotah and Wibel, Sean},
  booktitle={Formal grammar},
  pages={90--108},
  year={2013},
  organization={Springer}
}

@article{heinz2017computational,
  title={Computational phonology today},
  author={Heinz, Jeffrey and Idsardi, William J},
  journal={Phonology},
  volume={34},
  number={2},
  pages={211--219},
  year={2017},
  publisher={Cambridge University Press}
}
@article{rogers2011aural,
  title={Aural pattern recognition experiments and the subregular hierarchy},
  author={Rogers, James and Pullum, Geoffrey K},
  journal={Journal of Logic, Language and Information},
  volume={20},
  number={3},
  pages={329--342},
  year={2011},
  publisher={Springer}
}
@article{heinz2010learning,
	Author = {Heinz, Jeffrey},
	Date-Added = {2019-08-25 11:13:59 -0400},
	Date-Modified = {2019-08-25 11:13:59 -0400},
	Journal = {Linguistic Inquiry},
	Number = {4},
	Pages = {623--661},
	Publisher = {MIT Press},
	Title = {Learning long-distance phonotactics},
	Volume = {41},
	Year = {2010}}

@phdthesis{heinz2007inductive,
	Author = {Heinz, Jeffrey},
	Date-Added = {2019-08-25 11:13:03 -0400},
	Date-Modified = {2019-08-25 11:21:36 -0400},
	School = {PhD dissertation, University of California, Los Angeles},
	Title = {The inductive learning of phonotactic patterns},
	Year = {2007}}

@article{berger1996maximum,
	Author = {Berger, Adam L and Pietra, Vincent J Della and Pietra, Stephen A Della},
	Date-Added = {2019-08-25 10:44:23 -0400},
	Date-Modified = {2019-08-25 10:44:23 -0400},
	Journal = {Computational linguistics},
	Number = {1},
	Pages = {39--71},
	Publisher = {MIT Press},
	Title = {A maximum entropy approach to natural language processing},
	Volume = {22},
	Year = {1996}}

@article{della1997inducing,
	Author = {Della Pietra, Stephen and Della Pietra, Vincent and Lafferty, John},
	Date-Added = {2019-08-25 10:42:07 -0400},
	Date-Modified = {2019-08-25 10:43:22 -0400},
	Journal = {IEEE Transactions on Pattern Analysis and Machine Intelligence},
	Number = {4},
	Title = {Inducing features of random fields},
	Volume = {19},
	Year = {1997}}

@techreport{smolensky1986information,
	Author = {Smolensky, Paul},
	Date-Added = {2019-08-25 10:17:00 -0400},
	Date-Modified = {2019-08-25 10:17:00 -0400},
	Institution = {Colorado Univ at Boulder Dept of Computer Science},
	Title = {Information processing in dynamical systems: Foundations of harmony theory},
	Year = {1986}}

@article{hayes2008maximum,
	Author = {Hayes, Bruce and Wilson, Colin},
	Date-Added = {2019-08-19 17:23:10 -0400},
	Date-Modified = {2019-08-19 17:23:10 -0400},
	Journal = {Linguistic inquiry},
	Number = {3},
	Pages = {379--440},
	Publisher = {MIT Press},
	Title = {A maximum entropy model of phonotactics and phonotactic learning},
	Volume = {39},
	Year = {2008}}

@inproceedings{heinz2010estimating,
	Author = {Heinz, Jeffrey and Rogers, James},
	Booktitle = {Proceedings of the 48th annual meeting of the association for computational linguistics},
	Date-Added = {2019-08-19 14:51:08 -0400},
	Date-Modified = {2019-08-19 14:51:08 -0400},
	Pages = {886--896},
	Title = {Estimating strictly piecewise distributions},
	Year = {2010}}


@incollection{cohn2006there,
	author={Cohn, Abigail},
	title={Is there gradient phonology},
	booktitle = {Gradience in grammar: Generative perspectives},
	publisher    = {The name of the publisher},
	year         = 2006,
	editor       = {Gisbert Fanselow and Caroline FÃ©ry and Ralf Vogel and Matthias Schlesewsky}
}
@article{wilson2018accidental,
	Author = {Wilson, Colin and Gallagher, Gillian},
	Date-Added = {2019-08-17 09:49:32 -0400},
	Date-Modified = {2019-08-17 09:49:32 -0400},
	Journal = {Linguistic Inquiry},
	Number = {3},
	Pages = {610--623},
	Publisher = {MIT Press},
	Title = {Accidental gaps and surface-based phonotactic learning: A case study of South Bolivian Quechua},
	Volume = {49},
	Year = {2018}}
	
@article{cherry1953toward,
  title={Toward the logical description of languages in their phonemic aspect},
  author={Cherry, E Colin and Halle, Morris and Jakobson, Roman},
  journal={Language},
  pages={34--46},
  year={1953},
  publisher={JSTOR}
}

@inproceedings{chen2018computational,
  title={The Computational Complexity of Distinctive Feature Minimization in Phonology},
  author={Chen, Hubie and Hulden, Mans},
  booktitle={Proceedings of the 2018 Conference of the North American Chapter of the Association for Computational Linguistics: Human Language Technologies, Volume 2 (Short Papers)},
  pages={542--547},
  year={2018}
}
@article{carrasco1999learning,
	Author = {Carrasco, Rafael C and Oncina, Jose},
	Date-Added = {2019-07-29 19:32:11 -0400},
	Date-Modified = {2019-07-29 19:32:11 -0400},
	Journal = {RAIRO-Theoretical Informatics and Applications},
	Number = {1},
	Pages = {1--19},
	Publisher = {EDP Sciences},
	Title = {Learning deterministic regular grammars from stochastic samples in polynomial time},
	Volume = {33},
	Year = {1999}}

@phdthesis{stolcke1994bayesian,
	Author = {Stolcke, Andreas},
	Date-Added = {2019-07-29 19:31:35 -0400},
	Date-Modified = {2019-07-29 19:31:35 -0400},
	School = {University of California, Berkeley},
	Title = {Bayesian learning of probabilistic language models},
	Year = {1994}}

@article{lahiri2002underspecified,
	Author = {Lahiri, Aditi and Reetz, Henning},
	Date-Added = {2019-07-29 11:23:48 -0400},
	Date-Modified = {2019-07-29 11:23:48 -0400},
	Journal = {Laboratory phonology},
	Pages = {637--675},
	Publisher = {Mouton Berlin},
	Title = {Underspecified recognition},
	Volume = {7},
	Year = {2002}}

@article{keating1988underspecification,
	Author = {Keating, Patricia A},
	Date-Added = {2019-07-29 11:23:23 -0400},
	Date-Modified = {2019-07-29 11:23:23 -0400},
	Journal = {Phonology},
	Number = {2},
	Pages = {275--292},
	Publisher = {Cambridge University Press},
	Title = {Underspecification in phonetics},
	Volume = {5},
	Year = {1988}}

@article{lahiri2010distinctive,
	Author = {Lahiri, Aditi and Reetz, Henning},
	Date-Added = {2019-07-29 11:18:22 -0400},
	Date-Modified = {2019-07-29 11:18:22 -0400},
	Journal = {Journal of Phonetics},
	Number = {1},
	Pages = {44--59},
	Publisher = {Elsevier},
	Title = {Distinctive features: Phonological underspecification in representation and processing},
	Volume = {38},
	Year = {2010}}

@book{de2010grammatical,
	Author = {{de la} Higuera, Colin},
	Date-Added = {2019-07-28 11:35:49 -0400},
	Date-Modified = {2019-07-28 12:00:02 -0400},
	Publisher = {Cambridge University Press},
	Title = {Grammatical inference: learning automata and grammars},
	Year = {2010}}

@article{chandlee2019learning,
	Author = {Chandlee, Jane and Eyraud, Remi and Heinz, Jeffrey and Jardine, Adam and Rawski, Jonathan},
	Date-Added = {2019-07-27 16:15:27 -0400},
	Date-Modified = {2019-07-27 16:15:27 -0400},
	Journal = {arXiv preprint arXiv:1906.07886},
	Title = {Learning with partially ordered representations},
	Year = {2019}}

@article{gallagher2014identity,
	Author = {Gallagher, Gillian},
	Date-Added = {2019-07-11 09:21:24 -0700},
	Date-Modified = {2019-07-11 09:21:24 -0700},
	Journal = {Laboratory Phonology},
	Number = {3},
	Pages = {337--378},
	Publisher = {De Gruyter Mouton},
	Title = {An identity bias in phonotactics: Evidence from Cochabamba Quechua},
	Volume = {5},
	Year = {2014}}

@article{gallagher2016asymmetries,
	Author = {Gallagher, Gillian},
	Date-Added = {2019-07-11 09:13:05 -0700},
	Date-Modified = {2019-07-11 09:13:05 -0700},
	Journal = {Language},
	Number = {3},
	Pages = {557--590},
	Publisher = {Linguistic Society of America},
	Title = {Asymmetries in the representation of categorical phonotactics},
	Volume = {92},
	Year = {2016}}

@article{futrell2017generative,
	Author = {Futrell, Richard and Albright, Adam and Graff, Peter and O'Donnell, Timothy J},
	Date-Added = {2019-07-11 07:04:57 -0700},
	Date-Modified = {2019-07-11 07:04:57 -0700},
	Journal = {Transactions of the Association for Computational Linguistics},
	Pages = {73--86},
	Publisher = {MIT Press},
	Title = {A generative model of phonotactics},
	Volume = {5},
	Year = {2017}}

@article{gouskova2019inducing,
	Author = {Gouskova, Maria and Gallagher, Gillian},
	Date-Added = {2019-07-11 07:03:01 -0700},
	Date-Modified = {2019-07-11 07:03:01 -0700},
	Journal = {Natural Language \& Linguistic Theory},
	Pages = {1--40},
	Publisher = {Springer},
	Title = {Inducing nonlocal constraints from baseline phonotactics},
	Year = {2020}}

@book{cover2012elements,
	Author = {Cover, Thomas M and Thomas, Joy A},
	Date-Added = {2019-07-08 07:40:28 -0700},
	Date-Modified = {2019-07-08 07:40:28 -0700},
	Publisher = {John Wiley \& Sons},
	Title = {Elements of information theory},
	Year = {2012}}

@article{goldsmith2012information,
	Author = {Goldsmith, John and Riggle, Jason},
	Date-Added = {2019-07-08 07:40:28 -0700},
	Date-Modified = {2019-07-08 07:40:28 -0700},
	Journal = {Natural Language \& Linguistic Theory},
	Number = {3},
	Pages = {859--896},
	Publisher = {Springer},
	Title = {Information theoretic approaches to phonological structure: the case of Finnish vowel harmony},
	Volume = {30},
	Year = {2012}}
	
@inproceedings{goldwater2003learning,
  title={Learning OT constraint rankings using a maximum entropy model},
  author={Goldwater, Sharon and Johnson, Mark},
  booktitle={Proceedings of the Stockholm workshop on variation within Optimality Theory},
  volume={111120},
  year={2003}
}
@InProceedings{Heinz2011,
  author       = {Heinz, Jeffrey and Rawal, Chetan and Tanner, Herbert G},
  title        = {Tier-based strictly local constraints for phonology},
  booktitle    = {Proceedings of the 49th Annual Meeting of the Association for Computational Linguistics: Human Language Technologies: short papers-Volume 2},
  year         = {2011},
  pages        = {58--64},
  organization = {Association for Computational Linguistics},
}

@article{jardine2016learning,
	title={Learning tier-based strictly 2-local languages},
	author={Jardine, Adam and Heinz, Jeffrey},
	journal={Transactions of the Association for Computational Linguistics},
	volume={4},
	pages={87--98},
	year={2016},
	publisher={MIT Press}
}

@phdthesis{mcmullin2016tier,
	title={Tier-based locality in long-distance phonotactics: learnability and typology},
	author={McMullin, Kevin James},
	year={2016},
	school={University of British Columbia}
}

@inproceedings{jardine2017efficient,
	title={Efficient learning of tier-based strictly k-local languages},
	author={Jardine, Adam and McMullin, Kevin},
	booktitle={International Conference on Language and Automata Theory and Applications},
	pages={64--76},
	year={2017},
	organization={Springer}
}

@inproceedings{heinz2013learning,
	Author = {Heinz, Jeffrey and Rogers, Jim},
	Booktitle = {Proceedings of the 13th Meeting on the Mathematics of Language (MoL 13)},
	Date-Added = {2019-07-08 07:40:28 -0700},
	Date-Modified = {2019-07-08 07:40:28 -0700},
	Pages = {64--71},
	Title = {Learning subregular classes of languages with factored deterministic automata},
	Year = {2013}}

@inproceedings{heinz2019,
	Author = {Chihiro Shibata and Heinz, Jeffrey},
	Booktitle = {Proceedings of the 16th Meeting on the Mathematics of Language (MoL 16)},
	Date-Added = {2019-07-08 07:40:28 -0700},
	Date-Modified = {2019-07-08 07:40:28 -0700},
	Title = {Maximum Likelihood Estimation of Factored Regular Deterministic Stochastic Languages},
	Year = {2019}}

 

@article{vidal2005probabilistic1,
	Author = {Vidal, Enrique and Thollard, Franck and {de la} Higuera, Colin and Casacuberta, Francisco and Carrasco, Rafael C},
	Date-Added = {2019-07-08 07:40:28 -0700},
	Date-Modified = {2019-07-28 11:38:50 -0400},
	Journal = {IEEE transactions on pattern analysis and machine intelligence},
	Number = {7},
	Pages = {1013--1025},
	Publisher = {IEEE},
	Title = {Probabilistic finite-state machines-part I},
	Volume = {27},
	Year = {2005}}

@article{vidal2005probabilistic2,
	Author = {Vidal, Enrique and Thollard, Frank and {de la} Higuera, Colin and Casacuberta, Francisco and Carrasco, Rafael C},
	Date-Added = {2019-07-08 07:40:28 -0700},
	Date-Modified = {2019-07-28 11:38:49 -0400},
	Journal = {IEEE Transactions on Pattern Analysis and Machine Intelligence},
	Number = {7},
	Pages = {1026--1039},
	Publisher = {IEEE},
	Title = {Probabilistic finite-state machines-part II},
	Volume = {27},
	Year = {2005}}
	
@article{norvig2012colorless,
  title={Colorless green ideas learn furiously: Chomsky and the two cultures of statistical learning},
  author={Norvig, Peter},
  journal={Significance},
  volume={9},
  number={4},
  pages={30--33},
  year={2012},
  publisher={Wiley Online Library}
}

@book{bod2003probabilistic,
  title={Probabilistic linguistics},
  author={Bod, Rens and Hay, Jennifer and Jannedy, Stefanie},
  year={2003},
  publisher={MIT Press}
}

@incollection{manning2003,
  author       = {Christopher D. Manning}, 
  title        = {Probablistic Syntax},
  booktitle    = {Probabilistic linguistics},
  publisher    = {MIT Press},
  year         = 2003,
  editor       = {Bod, Rens and Hay, Jennifer and Jannedy, Stefanie},
  chapter      = 8
}
@article{chater2006probabilistic,
  title={Probabilistic models of language processing and acquisition},
  author={Chater, Nick and Manning, Christopher D},
  journal={Trends in cognitive sciences},
  volume={10},
  number={7},
  pages={335--344},
  year={2006},
  publisher={Elsevier}
}
@article{chomsky1969some,
  title={Some empirical assumptions in modern philosophy of language},
  author={Chomsky, Noam},
  year={1969}
}

@article{futrell2017generative,
  title={A generative model of phonotactics},
  author={Futrell, Richard and Albright, Adam and Graff, Peter and OâDonnell, Timothy J},
  journal={Transactions of the Association for Computational Linguistics},
  volume={5},
  pages={73--86},
  year={2017},
  publisher={MIT Press}
}

@article{mayer2020,
  title={Phonotactic learning with neural language models},
  author={Mayer, Connor and Nelson, Max},
  journal={Proceedings of the Society for Computation in Linguistics},
  volume={3},
  year={2020}
}

@book{hayes2011introductory,
  title={Introductory phonology},
  author={Hayes, Bruce},
  volume={32},
  year={2011},
  publisher={John Wiley \& Sons}
}
@inproceedings{heinz2010maximum,
  title={Maximum likelihood estimation of feature-based distributions},
  author={Heinz, Jeffrey and Koirala, Cesar},
  booktitle={Proceedings of the 11th Meeting of the ACL Special Interest Group on Computational Morphology and Phonology},
  pages={28--37},
  year={2010},
  organization={Association for Computational Linguistics}
}

@article{clements2003feature,
  title={Feature economy in sound systems},
  author={Clements, George N},
  journal={Phonology},
  volume={20},
  number={3},
  pages={287--333},
  year={2003},
  publisher={Cambridge University Press}
}

@article{lau2017grammaticality,
  title={Grammaticality, acceptability, and probability: A probabilistic view of linguistic knowledge},
  author={Lau, Jey Han and Clark, Alexander and Lappin, Shalom},
  journal={Cognitive Science},
  volume={41},
  number={5},
  pages={1202--1241},
  year={2017},
  publisher={Wiley Online Library}
}

@phdthesis{chong2017relation,
  title={On the relation between phonotactic learning and alternation learning},
  author={Chong, Junxiang Adam},
  year={2017},
  school={UCLA}
}

@article{rose2004typology,
  title={A typology of consonant agreement as correspondence},
  author={Rose, Sharon and Walker, Rachel},
  journal={Language},
  pages={475--531},
  year={2004},
  publisher={JSTOR}
}

@book{boyd2004convex,
  title={Convex optimization},
  author={Boyd, Stephen P and Vandenberghe, Lieven},
  year={2004},
  publisher={Cambridge university press}
}

@article{kingma2014adam,
  title={Adam: A method for stochastic optimization},
  author={Kingma, Diederik P and Ba, Jimmy},
  journal={arXiv preprint arXiv:1412.6980},
  year={2014}
}

@article{mcknight2010mann,
  title={Mann-Whitney U Test},
  author={McKnight, Patrick E and Najab, Julius},
  journal={The Corsini encyclopedia of psychology},
  pages={1--1},
  year={2010},
  publisher={Wiley Online Library}
}
@phdthesis{goldsmith1976autosegmental,
  title={Autosegmental phonology},
  author={Goldsmith, John},
  year={1976},
  school={MIT Press London}
}
@article{durrieu2013source,
  title={Source/filter factorial hidden markov model, with application to pitch and formant tracking},
  author={Durrieu, Jean-Louis and Thiran, Jean-Philippe},
  journal={IEEE transactions on audio, speech, and language processing},
  volume={21},
  number={12},
  pages={2541--2553},
  year={2013},
  publisher={IEEE}
}
@article{nepal2013factorial,
  title={Factorial Hidden Markov models for learning representations of natural language},
  author={Nepal, Anjan and Yates, Alexander},
  journal={arXiv preprint arXiv:1312.6168},
  year={2013}
}

@inproceedings{ghahramani1996factorial,
  title={Factorial hidden Markov models},
  author={Ghahramani, Zoubin and Jordan, Michael I},
  booktitle={Advances in Neural Information Processing Systems},
  pages={472--478},
  year={1996}
}

@article{chomsky1965some,
  title={Some controversial questions in phonological theory},
  author={Chomsky, Noam and Halle, Morris},
  journal={Journal of linguistics},
  volume={1},
  number={2},
  pages={97--138},
  year={1965},
  publisher={Cambridge University Press}
}
@article{markov1913essai,
  title={Essai dâune Recherche Statistique Sur le Texte du Roman âEug{\`e}ne Oneguineâ},
  author={Markov, Andrey A},
  journal={Bull. Acad. Imper. Sci. St. Petersburg},
  volume={7},
  year={1913}
}